<?xml version="1.0" encoding="UTF-8"?><collection xmlns="http://www.loc.gov/MARC21/slim"><record><leader>00426nam--2200121-i-4500</leader><controlfield tag="001">000032158</controlfield><controlfield tag="002">20161230</controlfield><controlfield tag="005">20161230201039</controlfield><controlfield tag="008">060222s1000------------r-----000-0-eng-d</controlfield><datafield ind1=" " ind2=" " tag="245"><subfield code="a">Metalele folosite pentru instalatiile de inalta presiune.traducere din lb.rusa.numai pentru uz intern</subfield></datafield><datafield ind1=" " ind2=" " tag="260"><subfield code="a">Bucuresti, Oped,Meeie, 1951. 30p</subfield></datafield><datafield ind1=" " ind2=" " tag="490"><subfield code="a">Ministerul Energiei Electrice Si Industriei Electrotehnice.(Litografiat)</subfield></datafield><datafield ind1=" " ind2=" " tag="852"><subfield code="a">2353</subfield></datafield></record></collection>